@article{1,
  title = {Block Structured Adaptive Mesh Refinement and Strong Form Elasticity Approach to Phase Field Fracture with Applications to Delamination, Crack Branching and Crack Deflection},
  author = {Agrawal, Vinamra and Runnels, Brandon},
  year = {2021},
  journal = {Computer Methods in Applied Mechanics and Engineering},
  volume = {385},
  pages = {114011},
  doi = {10.1016/j.cma.2021.114011}
}

@book{2,
  title = {Current {{Trends}} and {{Open Problems}} in {{Computational Mechanics}}},
  editor = {Aldakheel, Fadi and Hudobivnik, Bla{\v z} and Soleimani, Meisam and Wessels, Henning and Wei{\ss}enfels, Christian and Marino, Michele},
  year = {2022},
  publisher = {{Springer International Publishing}},
  address = {{Cham}},
  doi = {10.1007/978-3-030-87312-7}
}

@article{3,
  title = {A Phenomenological Approach to Fatigue with a Variational Phase-Field Model: {{The}} One-Dimensional Case},
  shorttitle = {A Phenomenological Approach to Fatigue with a Variational Phase-Field Model},
  author = {Alessi, Roberto and Vidoli, Stefano and De Lorenzis, Laura},
  year = {2018},
  journal = {Engineering Fracture Mechanics},
  volume = {190},
  pages = {53--73},
  doi = {10.1016/j.engfracmech.2017.11.036}
}

@article{4,
  title = {Approximation of Functional Depending on Jumps by Elliptic Functional via T-Convergence},
  author = {Ambrosio, Luigi and Tortorelli, Vincenzo Maria},
  year = {1990},
  journal = {Communications on Pure and Applied Mathematics},
  volume = {43},
  number = {8},
  pages = {999--1036},
  doi = {10.1002/cpa.3160430805}
}

@article{5,
  title = {Fracture {{Mechanics}}},
  author = {Anderson, Ted L}
}

@book{6,
  title = {Programming {{Phase-Field Modeling}}},
  author = {Biner, S. Bulent},
  year = {2017},
  publisher = {{Springer International Publishing}},
  address = {{Cham}},
  doi = {10.1007/978-3-319-41196-5}
}

@article{7,
  title = {A Mixed-Mode Phase Field Fracture Model in Anisotropic Rocks with Consistent Kinematics},
  author = {Bryant, Eric C. and Sun, WaiChing},
  year = {2018},
  journal = {Computer Methods in Applied Mechanics and Engineering},
  volume = {342},
  pages = {561--584},
  doi = {10.1016/j.cma.2018.08.008}
}

@article{8,
  title = {A Framework to Model the Fatigue Behavior of Brittle Materials Based on a Variational Phase-Field Approach},
  author = {Carrara, P. and Ambati, M. and Alessi, R. and De Lorenzis, L.},
  year = {2020},
  journal = {Computer Methods in Applied Mechanics and Engineering},
  volume = {361},
  pages = {112731},
  doi = {10.1016/j.cma.2019.112731}
}

@article{9,
  title = {Dynamic Formulation of Phase Field Fracture in Heterogeneous Media with Finite Thickness Cohesive Interfaces},
  author = {Corrado, Mauro and Paggi, Marco and Reinoso, Jos{\'e}},
  year = {2022},
  journal = {Computational Materials Science},
  volume = {205},
  pages = {111226},
  doi = {10.1016/j.commatsci.2022.111226}
}

@article{10,
  title = {Applications of {{Phase Field Methods}} in {{Modeling Fatigue Fracture}} and {{Performance Improvement Strategies}}: {{A Review}}},
  shorttitle = {Applications of {{Phase Field Methods}} in {{Modeling Fatigue Fracture}} and {{Performance Improvement Strategies}}},
  author = {Cui, Haitao and Du, Chenyu and Zhang, Hongjian},
  year = {2023},
  journal = {Metals},
  volume = {13},
  number = {4},
  pages = {714},
  doi = {10.3390/met13040714}
}

@article{11,
  title = {{准晶数学弹性力学和缺陷力学}},
  author = {范, 天佑},
  year = {2000},
  journal = {力学进展},
  number = {2},
  pages = {161--174}
}

@article{12,
  title = {Endowing Explicit Cohesive Laws to the Phase-Field Fracture Theory},
  author = {Feng, Ye and Fan, Jiadi and Li, Jie},
  year = {2021},
  journal = {Journal of the Mechanics and Physics of Solids},
  volume = {152},
  pages = {104464},
  doi = {10.1016/j.jmps.2021.104464}
}

@article{13,
  title = {Phase-Field Method with Additional Dissipation Force for Mixed-Mode Cohesive Fracture},
  author = {Feng, Ye and Li, Jie},
  year = {2022},
  journal = {Journal of the Mechanics and Physics of Solids},
  volume = {159},
  pages = {104693},
  doi = {10.1016/j.jmps.2021.104693}
}

@article{14,
  title = {Phase-Field Cohesive Fracture Theory: {{A}} Unified Framework for Dissipative Systems Based on Variational Inequality of Virtual Works},
  shorttitle = {Phase-Field Cohesive Fracture Theory},
  author = {Feng, Ye and Li, Jie},
  year = {2022},
  journal = {Journal of the Mechanics and Physics of Solids},
  volume = {159},
  pages = {104737},
  doi = {10.1016/j.jmps.2021.104737}
}

@article{15,
  title = {Revisiting Brittle Fracture as an Energy Minimization Problem},
  author = {Francfort, G.A. and Marigo, J.-J.},
  year = {1998},
  journal = {Journal of the Mechanics and Physics of Solids},
  volume = {46},
  number = {8},
  pages = {1319--1342},
  doi = {10.1016/S0022-5096(98)00034-9}
}

@phdthesis{16,
  type = {{硕士}},
  title = {{基于相场法的脆性断裂数值模拟}},
  author = {付, 禹铭},
  year = {2019},
  collaborator = {何, 其昌},
  school = {西南交通大学}
}

@book{17,
  title = {Dirichlet Forms and Symmetric {{Markov}} Processes},
  author = {Fukushima, Masatoshi and Oshima, Yoichi and Takeda, Masayoshi},
  year = {2011},
  series = {De {{Gruyter}} Studies in Mathematics},
  edition = {2nd rev. and ext. ed},
  number = {19},
  publisher = {{De Gruyter}}
}

@article{18,
  title = {A Phase-Field Damage Model with Micro Inertia Effect for the Dynamic Fracture of Quasi-Brittle Solids},
  author = {Hai, Lu and Wu, Jian-Ying and Li, Jie},
  year = {2020},
  journal = {Engineering Fracture Mechanics},
  volume = {225},
  pages = {106821},
  doi = {10.1016/j.engfracmech.2019.106821}
}

@article{19,
  title = {Phase-Field Finite Deformation Fracture with an Effective Energy for Regularized Crack Face Contact},
  author = {Hakimzadeh, Maryam and Agrawal, Vaibhav and Dayal, Kaushik and {Mora-Corral}, Carlos},
  year = {2022},
  journal = {Journal of the Mechanics and Physics of Solids},
  volume = {167},
  pages = {104994},
  doi = {10.1016/j.jmps.2022.104994}
}

@article{20,
  title = {An Overview of Implicit and Explicit Phase Field Models for Quasi-Static Failure Processes, Implementation and Computational Efficiency},
  author = {Hu, Xiaofei and Tan, Siyuan and Xia, Danli and Min, Lang and Xu, Huiqian and Yao, Weian and Sun, Zhi and Zhang, Peng and Quoc Bui, Tinh and Zhuang, Xiaoying and Rabczuk, Timon},
  year = {2023},
  journal = {Theoretical and Applied Fracture Mechanics},
  volume = {124},
  pages = {103779},
  doi = {10.1016/j.tafmec.2023.103779}
}

@article{21,
  title = {{一维六方准晶中椭圆裂纹问题的三维热-弹性解}},
  author = {金, 晨淞 and 李, 佩栋 and 李, 翔宇},
  year = {2022},
  journal = {四川轻化工大学学报(自然科学版)},
  volume = {35},
  number = {6},
  pages = {42--49}
}

@article{22,
  title = {Overview of Phase-Field Models for Fatigue Fracture in a Unified Framework},
  author = {Kalina, Martha and Schneider, Tom and Brummund, J{\"o}rg and K{\"a}stner, Markus},
  year = {2023},
  journal = {Engineering Fracture Mechanics},
  volume = {288},
  pages = {109318},
  doi = {10.1016/j.engfracmech.2023.109318}
}

@article{23,
  title = {Extension of {{Phase-field Modeling}} to {{Fatigue}} and {{Large Structures}}},
  author = {Landis, Chad M and Mear, Mark E and {Ravi-Chandar}, Krishnaswa and Huang, Rui and Foster, John T}
}

@phdthesis{24,
  type = {{硕士}},
  title = {{基于自适应有限元方法的相场模型模拟研究}},
  author = {雷, 鹏},
  year = {2014},
  collaborator = {朱, 昶胜},
  school = {兰州理工大学}
}

@article{25,
  title = {Numerical Investigation of Dynamic Brittle Fracture via Gradient Damage Models},
  author = {Li, Tianyi and Marigo, Jean-Jacques and Guilbaud, Daniel and Potapov, Serguei},
  year = {2016},
  journal = {Advanced Modeling and Simulation in Engineering Sciences},
  volume = {3},
  number = {1},
  pages = {26},
  doi = {10.1186/s40323-016-0080-x}
}

@article{26,
  title = {Phase-Field Modeling of Hydro-Thermally Induced Fracture in Thermo-Poroelastic Media},
  author = {Li, Peidong and Li, Dingyu and Wang, Qingyuan and Zhou, Kun},
  year = {2021},
  journal = {Engineering Fracture Mechanics},
  volume = {254},
  pages = {107887},
  doi = {10.1016/j.engfracmech.2021.107887}
}

@article{27,
  title = {Adhesive {{Contact}} of a {{One-Dimensional Hexagonal Quasicrystal Half-Space Punched}} by a {{Spherical Indenter}}},
  author = {Li, Peidong and Liu, Yuwei and Zhang, Songhan and Shao, Bingmei and Fan, Haidong and Wang, Qingyuan},
  year = {2022},
  journal = {Acta Mechanica Solida Sinica},
  volume = {35},
  number = {5},
  pages = {787--799},
  doi = {10.1007/s10338-022-00330-7}
}

@article{28,
  title = {A Review on Phase Field Models for Fracture and Fatigue},
  author = {Li, Peidong and Li, Weidong and Li, Biao and Yang, Shuo and Shen, Yongxing and Wang, Qingyuan and Zhou, Kun},
  year = {2023},
  journal = {Engineering Fracture Mechanics},
  volume = {289},
  pages = {109419},
  doi = {10.1016/j.engfracmech.2023.109419}
}

@article{29,
  title = {A Phase-Field Framework for Brittle Fracture in Quasi-Crystals},
  author = {Li, Peidong and Li, Weidong and Fan, Haidong and Wang, Qingyuan and Zhou, Kun}
}

@article{30,
  title = {{基于相场方法的岩石弹塑性损伤模型研究及其数值实现}},
  author = {刘, 世藩 and 王, 伟 and 曹, 亚军 and 朱, 其志 and 邵, 建富},
  year = {2023},
  journal = {岩石力学与工程学报},
  volume = {42},
  number = {4},
  pages = {896--905},
  doi = {10.13722/j.cnki.jrme.2022.0540}
}

@article{31,
  title = {An Overview of the Modelling of Fracture by Gradient Damage Models},
  author = {Marigo, Jean-Jacques and Maurini, Corrado and Pham, Kim},
  year = {2016},
  journal = {Meccanica},
  volume = {51},
  number = {12},
  pages = {3107--3128},
  doi = {10.1007/s11012-016-0538-4}
}

@article{32,
  title = {A Phase Field Model for Rate-Independent Crack Propagation: {{Robust}} Algorithmic Implementation Based on Operator Splits},
  shorttitle = {A Phase Field Model for Rate-Independent Crack Propagation},
  author = {Miehe, Christian and Hofacker, Martina and Welschinger, Fabian},
  year = {2010},
  journal = {Computer Methods in Applied Mechanics and Engineering},
  volume = {199},
  number = {45-48},
  pages = {2765--2778},
  doi = {10.1016/j.cma.2010.04.011}
}

@article{33,
  title = {Thermodynamically Consistent Phase-Field Models of Fracture: {{Variational}} Principles and Multi-Field {{FE}} Implementations},
  shorttitle = {Thermodynamically Consistent Phase-Field Models of Fracture},
  author = {Miehe, C. and Welschinger, F. and Hofacker, M.},
  year = {2010},
  journal = {International Journal for Numerical Methods in Engineering},
  volume = {83},
  number = {10},
  pages = {1273--1311},
  doi = {10.1002/nme.2861}
}

@article{34,
  title = {A Phase Field Method to Simulate Crack Nucleation and Propagation in Strongly Heterogeneous Materials from Direct Imaging of Their Microstructure},
  author = {Nguyen, T.T. and Yvonnet, J. and Zhu, Q.-Z. and Bornert, M. and Chateau, C.},
  year = {2015},
  journal = {Engineering Fracture Mechanics},
  volume = {139},
  pages = {18--39},
  doi = {10.1016/j.engfracmech.2015.03.045}
}

@article{35,
  title = {Phase-Field Modelling of Brittle Fracture with {{Smoothed Radial Point Interpolation Methods}}},
  author = {Novelli, Larissa and Gori, Lapo and Da Silva Pitangueira, Roque Luiz},
  year = {2022},
  journal = {Engineering Analysis with Boundary Elements},
  volume = {138},
  pages = {219--234},
  doi = {10.1016/j.enganabound.2022.01.011}
}

@article{36,
  title = {Gradient {{Damage Models}} and {{Their Use}} to {{Approximate Brittle Fracture}}},
  author = {Pham, Kim and Amor, Hanen and Marigo, Jean-Jacques and Maurini, Corrado},
  year = {2011},
  journal = {International Journal of Damage Mechanics},
  volume = {20},
  number = {4},
  pages = {618--652},
  doi = {10.1177/1056789510386852}
}

@book{37,
  title = {Phase-{{Field Methods}} in {{Materials Science}} and {{Engineering}}: {{PROVATAS}}:{{PHASE-FIELD O-BK}}},
  shorttitle = {Phase-{{Field Methods}} in {{Materials Science}} and {{Engineering}}},
  author = {Provatas, Nikolas and Elder, Ken},
  year = {2010},
  publisher = {{Wiley-VCH Verlag GmbH \& Co. KGaA}},
  address = {{Weinheim, Germany}},
  doi = {10.1002/9783527631520}
}

@article{38,
  title = {A Phase Field Modeling Approach of Cyclic Fatigue Crack Growth},
  author = {Schreiber, Christoph and Kuhn, Charlotte and M{\"u}ller, Ralf and Zohdi, Tarek},
  year = {2020},
  journal = {International Journal of Fracture},
  volume = {225},
  number = {1},
  pages = {89--100},
  doi = {10.1007/s10704-020-00468-w}
}

@article{39,
  title = {A General Phase-Field Model for Fatigue Failure in Brittle and Ductile Solids},
  author = {Sele{\v s}, Karlo and Aldakheel, Fadi and Tonkovi{\'c}, Zdenko and Sori{\'c}, Jurica and Wriggers, Peter},
  year = {2021},
  journal = {Computational Mechanics},
  volume = {67},
  number = {5},
  pages = {1431--1452},
  doi = {10.1007/s00466-021-01996-5}
}

@phdthesis{40,
  type = {{硕士}},
  title = {{基于相场法的脆性断裂疲劳裂纹扩展数值模拟}},
  author = {邵, 强},
  year = {2019},
  collaborator = {何, 其昌},
  school = {西南交通大学}
}

@phdthesis{41,
  type = {{博士}},
  title = {{脆性断裂相场模型的自适应一致性无单元Galerkin方法}},
  author = {邵, 玉龙},
  year = {2020},
  collaborator = {段, 庆林},
  school = {大连理工大学}
}

@article{42,
  title = {Implementation {{Details}} for the {{Phase Field Approaches}} to {{Fracture}}},
  author = {Shen, Yongxing and Mollaali, Mostafa and Li, Yihuan and Ma, Weixin and Jiang, Jiahao},
  year = {2018},
  journal = {Journal of Shanghai Jiaotong University (Science)},
  volume = {23},
  number = {1},
  pages = {166--174},
  doi = {10.1007/s12204-018-1922-0}
}

@article{43,
  title = {A Phase Field Model for Fatigue Fracture in Piezoelectric Solids: {{A}} Residual Controlled Staggered Scheme},
  shorttitle = {A Phase Field Model for Fatigue Fracture in Piezoelectric Solids},
  author = {Tan, Yu and He, Yuxiang and Li, Xiangyu and Kang, Guozheng},
  year = {2022},
  journal = {Computer Methods in Applied Mechanics and Engineering},
  volume = {399},
  pages = {115459},
  doi = {10.1016/j.cma.2022.115459}
}

@article{44,
  title = {A Unified Phase-Field Theory for the Mechanics of Damage and Quasi-Brittle Failure},
  author = {Wu, Jian-Ying},
  year = {2017},
  journal = {Journal of the Mechanics and Physics of Solids},
  volume = {103},
  pages = {72--99},
  doi = {10.1016/j.jmps.2017.03.015}
}

@incollection{45,
  title = {Phase-Field Modeling of Fracture},
  booktitle = {Advances in {{Applied Mechanics}}},
  author = {Wu, Jian-Ying and Nguyen, Vinh Phu and Nguyen, Chi Thanh and Sutula, Danas and Sinaie, Sina and Bordas, St{\'e}phane P.A.},
  year = {2020},
  volume = {53},
  pages = {1--183},
  publisher = {{Elsevier}},
  doi = {10.1016/bs.aams.2019.08.001}
}

@article{46,
  title = {A Variationally Consistent Phase-Field Anisotropic Damage Model for Fracture},
  author = {Wu, Jian-Ying and Nguyen, Vinh Phu and Zhou, Hao and Huang, Yuli},
  year = {2020},
  journal = {Computer Methods in Applied Mechanics and Engineering},
  volume = {358},
  pages = {112629},
  doi = {10.1016/j.cma.2019.112629}
}

@article{47,
  title = {{固体结构损伤破坏统一相场理论、算法和应用}},
  author = {吴, 建营},
  year = {2021},
  journal = {力学学报},
  volume = {53},
  number = {2},
  pages = {301--329}
}

@article{48,
  title = {An Adaptive Phase-Field Model with Variable-Node Elements for Fracture of Hyperelastic Materials at Large Deformations},
  author = {Xing, Chen and Yu, Tiantang and Sun, Yulin and Wang, Yongxiang},
  year = {2023},
  journal = {Engineering Fracture Mechanics},
  volume = {281},
  pages = {109115},
  doi = {10.1016/j.engfracmech.2023.109115}
}

@article{49,
  title = {An Adaptive Phase-Field Model with Variable-Node Elements for Fracture of Hyperelastic Materials at Large Deformations},
  author = {Xing, Chen and Yu, Tiantang and Sun, Yulin and Wang, Yongxiang},
  year = {2023},
  journal = {Engineering Fracture Mechanics},
  volume = {281},
  pages = {109115},
  doi = {10.1016/j.engfracmech.2023.109115}
}

@article{50,
  title = {A Phase Field Numerical Manifold Method for Crack Propagation in Quasi-Brittle Materials},
  author = {Yang, Liang and Yang, Yongtao and Zheng, Hong},
  year = {2021},
  journal = {Engineering Fracture Mechanics},
  volume = {241},
  pages = {107427},
  doi = {10.1016/j.engfracmech.2020.107427}
}

@article{51,
  title = {{用能量方法研究混凝土断裂过程区的力学性能}}
}

@article{52,
  title = {{扩展有限元法在断裂力学相场模型中的应用}},
  author = {张, 子瑜 and 郝, 林},
  year = {2022},
  journal = {航空学报},
  volume = {43},
  number = {9},
  pages = {475--485}
}

@article{53,
  title = {{基于COMSOL的脆性材料相场断裂模型}},
  author = {张, 文兵 and 沈, 振中 and 徐, 力群 and 张, 宏伟 and 甘, 磊 and 李, 舸航},
  year = {2023},
  journal = {计算力学学报},
  volume = {40},
  number = {2},
  pages = {273--280}
}

@article{54,
  title = {A Phase-Field Model for Thermo-Elastic Fracture in Quasicrystals},
  author = {Zhao, Simin and Li, Peidong and Wang, Tao and Tan, Yu and Fan, Haidong and Wang, Qingyuan},
  year = {2023},
  journal = {Engineering Fracture Mechanics},
  volume = {289},
  pages = {109432},
  doi = {10.1016/j.engfracmech.2023.109432}
}
