@article{1,
  title = {{网络空间治理视角下网络暴力问题研究}},
  author = {常晨曦},
  year = {2022},
  journal = {网络空间安全},
  volume = {13},
  number = {03},
  pages = {6--10}
}

@phdthesis{2,
  type = {{硕士}},
  title = {{自媒体时代网络暴力行为及其治理探究}},
  author = {陈婷},
  year = {2020},
  doi = {10.27061/d.cnki.ghgdu.2020.000190},
  school = {哈尔滨工业大学}
}

@article{3,
  title = {{网络暴力法律规制的完善路径}},
  author = {敬力嘉 and 胡隽},
  year = {2021},
  journal = {中国人民公安大学学报(社会科学版)},
  volume = {37},
  number = {05},
  pages = {142--149}
}

@phdthesis{4,
  type = {{硕士}},
  title = {{新媒体时代网络暴力成因的实证研究}},
  author = {李玉琪},
  year = {2020},
  doi = {10.27162/d.cnki.gjlin.2020.001220},
  school = {吉林大学}
}

@article{5,
  title = {{新媒体时代网络暴力的现状、成因及治理之道}},
  author = {李根生},
  year = {2022},
  journal = {传媒论坛},
  volume = {5},
  number = {10},
  pages = {37--39}
}

@article{6,
  title = {{大数据时代下网络暴力成因及治理}},
  author = {孙帆 and 张婧 and 闫鸿 and 马晓彤 and 马斐月},
  year = {2021},
  journal = {记者摇篮},
  number = {11},
  pages = {50--52}
}

@article{7,
  title = {{社会治理视域下网络暴力的识别与规制}},
  author = {田圣斌 and 刘锦},
  year = {2020},
  journal = {中南民族大学学报(人文社会科学版)},
  volume = {40},
  number = {03},
  pages = {168--173},
  doi = {10.19898/j.cnki.42-1704/c.2020.03.027}
}

@phdthesis{8,
  type = {{博士}},
  title = {{互联网领域中人权的协调保障}},
  author = {赵玉林},
  year = {2014},
  school = {南开大学}
}
